@article{smote,
	author = "Chawla, N.V. and Bowyer, K.W. and Hall, L.O. and Kegelmeyer, W.P.",
	title = "{SMOTE:  Synthetic Minority Over-sampling Technique}",
	journal = "Journal of Artificial Intelligence Research",
	year = "2002",
}

@article{fa1,
	author = "Cattell, R.B.",
	title = "{Factor analysis}",
	journal = "New York: Harper",
	year ="1952",
}

@article{fa2,
	author = "Fruchter,B.",
	title = "{Introduction to Factor Analysis}",
	journal = "Van Nostrand",
	year = "1954",
}
	
